<record xmlns="http://www.loc.gov/MARC21/slim" xmlns:xsi="http://www.w3.org/2001/XMLSchema-instance" xsi:schemaLocation="http://www.loc.gov/MARC21/slim http://www.loc.gov/standards/marcxml/schema/MARC21slim.xsd">

  <leader>00430nam a2200133Ia 4500</leader>
  <datafield ind2=" " ind1=" " tag="999">
    <subfield code="c">1570</subfield>
    <subfield code="d">1570</subfield>
  </datafield>
  <controlfield tag="008">180227b2003    pe ||||| |||| 00| | spa d</controlfield>
  <datafield tag="090" ind1=" " ind2=" ">
    <subfield code="a">06.02.01 </subfield>
    <subfield code="b">794</subfield>
  </datafield>
  <datafield ind1="1" ind2=" " tag="100">
    <subfield code="a">Campos Arenas, Agustín</subfield>
    <subfield code="9">3419</subfield>
  </datafield>
  <datafield ind2="6" ind1="1" tag="245">
    <subfield code="a">En la tarea llamada educar: reflexiones a través del comic / </subfield>
    <subfield code="c">Agustín Campos Arenas</subfield>
  </datafield>
  <datafield ind2=" " ind1=" " tag="260">
    <subfield code="a">Peru : </subfield>
    <subfield code="b">Universidad Femenina  del Sagrado Corazón, </subfield>
    <subfield code="c">2003</subfield>
  </datafield>
  <datafield ind2=" " ind1=" " tag="300">
    <subfield code="a">207 páginas</subfield>
  </datafield>
  <datafield ind2="4" ind1="1" tag="650">
    <subfield code="a">EDUCACIÓN</subfield>
    <subfield code="9">1</subfield>
  </datafield>
  <datafield tag="650" ind1="1" ind2="4">
    <subfield code="a">ILUSTRACIONES</subfield>
    <subfield code="9">3420</subfield>
  </datafield>
  <datafield ind2=" " ind1=" " tag="942">
    <subfield code="2">z</subfield>
    <subfield code="c">01</subfield>
  </datafield>
</record>